
@article{stackGAN,
    author =       "H. Zhang and T.  Xu and H. Li and S. Zhang and X. Huang and X. Wang and D. Metaxas",
    title =        "{StackGAN: Text to Photo-realistic Image Synthesis with Stacked Generative Adversarial Networks}",
    journal =      "arXiv preprint arXiv:1612.03242",
    year =         "2016"
}

@article{rFCN,
    author =       "S. Valipour and M. Siam and M. Jagersand and N. Ray",
    title =        "{Recurrent Fully Convolutional Networks for Video Segmentation}",
    journal =      "arXiv preprint arXiv:1611.09904",
    year =         "2016"
}

@article{c-RNN-GAN,
    author =       "O. Mogren",
    title =        "{C-RNN-GAN: Continuous recurrent neural networks with adversarial training}",
    journal =      "arXiv preprint arXiv:1611.09904",
    year =         "2016"
}


