
@article{stackGAN,
    author =       "H. Zhang and T.  Xu and H. Li and S. Zhang and X. Huang and X. Wang and D. Metaxas",
    title =        "{StackGAN: Text to Photo-realistic Image Synthesis with Stacked Generative Adversarial Networks}",
    journal =      "arXiv preprint arXiv:1612.03242",
    year =         "2016"
}

@article{rFCN,
    author =       "S. Valipour and M. Siam and M. Jagersand and N. Ray",
    title =        "{Recurrent Fully Convolutional Networks for Video Segmentation}",
    journal =      "arXiv preprint arXiv:1611.09904",
    year =         "2016"
}

@article{c-RNN-GAN,
    author =       "O. Mogren",
    title =        "{C-RNN-GAN: Continuous recurrent neural networks with adversarial training}",
    journal =      "arXiv preprint arXiv:1611.09904",
    year =         "2016"
}

@conference{attribute2image,
    author =       "X. Yan and J. Yang and K. Sohn and H. Lee",
    booktitle =		"In European Conference on Computer Vision",
    publisher=	"Springer International",
    title =        "{Attribute2image: Conditional image generation from visual attributes}",
    journal =      "arXiv preprint arXiv:1611.09904",
    pages = 	"776-791",
    month = 	"October",
    year =         "2016"
}

@article{deepMSE,
    author =       "M. Mathieu and C. Couprie and Y. LeCun",
    title =        "{Deep multi-scale video prediction beyond mean square error}",
    journal =      "arXiv preprint arXiv:1511.05440",
    year =         "2015"
}

@inproceedings{genVSD,
    author =       "C. Vondrick and H. Pirsiavash and A. Torralba",
    booktitle =		"In Advances In Neural Information Processing Systems",
    title =        "{Generating videos with scene dynamics}",
    pages = 	"613-621",
    year =         "2016"
}

@article{uCF101,
    author =       "K. Soomro and A. R. Zamir and M. Shah",
    title =        "{UCF101: A Dataset of 101 Human Action Classes From Videos in The Wild}",
    journal =      "CRCV-TR-12-01",
    year =         "2012"
}

@conference{NTU,
    author =       "Amir Shahroudy and Jun Liu and Tian-Tsong Ng and Gang Wang",
    booktitle =		"IEEE Conference on Computer Vision and Pattern Recognition (CVPR)",
    title =        "{NTU RGB+D: A Large Scale Dataset for 3D Human Activity Analysis}",
    year =         "2016"
}

@conference{recVEBA,
    author =       "S. Nishimoto and A. T. Vu and T. Naselaris and Y. Benjamini and B. Yu and J. L. Gallant",
    booktitle =		"Current Biology",
    title =        "{Reconstructing visual experiences from brain activity evoked by natural movies}",
    volume = "21(19)",
    pages = 	"1641-1646",
    year =         "2011"
}

@article{movieDes,
    author =       "A. Rohrbach and A. Torabi and M. Rohrbach and N. Tandon and C. Pal and H. Larochelle and B. Schiele",
    title =        "{Movie Description}",
    journal =      "arXiv preprint arXiv:1605.03705",
    year =         "2016"
}

@article{deepSeg2015,
    author =       "G. Lin and C. Shen and I. Reid and et al.",
    title =        "{Efficient piecewise training of deep structured models for semantic segmentation}",
    journal =      "arXiv preprint arXiv:1504.01013",
    year =         "2015"
}

@article{densebox2015,
    author =       "L. Huang and Y. Yang and Yafeng Deng and Yinan Yu",
    title =        "{Densebox: Unifying landmark localization with end to end object detection}",
    journal =      "arXiv preprint arXiv:1509.04874",
    year =         "2015"
}

@inproceedings{deconv2015,
    author =       "Hyeonwoo Noh and Seunghoon Hong and Bohyung Han",
    booktitle =		"Proceedings of the IEEE International Conference on Computer Vision",
    title =        "{Learning deconvolution network for semantic segmentation}",
    pages = 	"1520–1528",
    year =         "2015"
}

@article{deepConv2014,
    author =       "Karen Simonyan and Andrew Zisserman",
    title =        "{Very deep convolutional networks for large-scale image recognition}",
    journal =      "arXiv preprint arXiv:1409.1556",
    year =         "2014"
}

@inproceedings{track2015,
    author =       "Lijun Wang and Wanli Ouyang and Xiaogang Wang and Huchuan Lu",
    booktitle =		"Proceedings of the IEEE International Conference on Computer Vision",
    title =        "{Visual tracking with fully convolutional networks}",
    pages = 	"3119–3127",
    year =         "2015"
}

@conference{rnn2012,
    author =       "Oriol Vinyals and Suman V Ravuri and Daniel Povey",
    booktitle =		"Revisiting recurrent neural networks forrobust asr",
    title =        "{Acoustics, Speech and Signal Processing (ICASSP), 2012 IEEE International Conference}",
    pages = 	"4085–4088",
    year =         "2012"
}

@conference{rnn2011,
    author =       "Ilya Sutskever and James Martens and Geoffrey E Hinton",
    booktitle =		"Generating text with recurrent neural networks",
    title =        "{Proceedings of the 28th International Conference on Machine Learning (ICML-11)}",
    pages = 	"1017–1024",
    year =         "2011"
}

@article{gradient1994,
    author =       "Yoshua Bengio and Patrice Simard and Paolo Frasconi",
    title =		"Learning long-term dependencies with gradient descent is difficult",
    journal =        "{Neural Networks, IEEE Transactions }",
    volume = "5(2)",
    pages = 	"157–166",
    year =         "1994"
}

@article{lstm1997,
    author =       "Sepp Hochreiter and Jurgen Schmidhuber",
    title =		"Long short-term memory",
    journal =        "{Neural computation}",
    volume = "9(8)",
    pages = 	"1735–1780",
    year =         "1997"
}

@article{encoder2014,
    author =       "Kyunghyun Cho and Bart van Merrienboer and Dzmitry Bahdanau and Yoshua Bengio",
    title =        "{On the properties of neural machine translation: Encoder-decoder approaches}",
    journal =    "{arXiv preprint arXiv:1409.1259}",
    year =         "2014"
}

@article{rnn2014,
    author =       "Junyoung Chung and Caglar Gulcehre and KyungHyun Cho and Yoshua Bengio",
    title =		"Empirical evaluation of gated recurrent neural networks on sequence modeling",
    journal =    "{arXiv preprint arXiv:1412.3555}",
    year =         "2014"
}

@techreport{faceGan2015,
	author    = "J. Gauthier",
    title     = "Conditional generative adversarial networks for convolutional face generation",
    institution = "Tech Report",
    year      = "2015"
} 

@conference{gan2014,
    author =       "I. J. Goodfellow and J. Pouget-Abadie and M. Mirza and B. Xu and D. Warde-Farley and S. Ozair and A. C. Courville and Y. Bengio",
    booktitle =		"Generative adversarial nets",
    title =        "NIPS",
    year =         "2014"
}

@article{condGan2014,
    author =       "M. Mirza and S. Osindero",
    title =		"Conditional generative adversarial nets",
    journal =    "{arXiv:1411.1784}",
    year =         "2014"
}

@article{tutorial2016,
    author =       "C. Doersch",
    title =		"Tutorial on variational autoencoders",
    journal =    "{arXiv:1606.05908}",
    year =         "2016"
}

@conference{deepRes2016,
    author =       "K. He and X. Zhang and S. Ren and J. Sun",
   title =		"CVPR",
    booktitle =        "{Deep residual learning for image recognition}",
    year =         "2016"
}

@conference{percep2016,
    author =       "J. Johnson and A. Alahi and L. Fei-Fei",
   title =		"ECCV",
    booktitle =        "{Perceptual losses for real-time style transfer and super-resolution}",
    year =         "2016"
}

@conference{bayes2014,
    author =       "D. P. Kingma and M. Welling",
   	title =		"ICLR",
    booktitle =        "{Auto-encoding variational bayes}",
    year =         "2014"
}

@conference{autoEncod2016,
    author =       "A. B. L. Larsen and S. K. Sønderby and H. Larochelle and O. Winther",
   title =		"ICML",
    booktitle =        "{Autoencoding beyond pixels using a learned similarity metric}",
    year =         "2016"
}

@conference{learn2016,
    author =       "S. Reed and Z. Akata and S. Mohan and S. Tenka and B. Schiele and H. Lee",
   title =		"NIPS",
    booktitle =        "{Learning what and where to draw}",
    year =         "2016"
}


@conference{fineGrain2016,
    author =       "S. Reed and Z. Akata and B. Schiele and H. Lee",
   title =		"CVPR",
    booktitle =        "{Learning deep representations of fine-grained visual descriptions}",
    year =         "2016"
}

@conference{autoEncod2014,
    author =       "S. Reed, Z. Akata and X. Yan and L. Logeswaran and B. Schiele and H. Lee.",
   title =		"ICML",
    booktitle =        "{Generative adversarial text-to-image synthesis}",
    year =         "2014"
}

@article{imgRecog2014,
    author =       "Karen Simonyan and Andrew Zisserman",
    title =		"Very deep convolutional networks for large-scale image recognition",
    journal =    "{arXiv preprint arXiv:1409.1556}",
    year =         "2014"
}

@article{improvGan2016,
    author =       "T. Salimans and I. J. Goodfellow and W. Zaremba and V. Cheung and A. Radford and X. Chen",
    title =		"Improved techniques for training gans",
    journal =    "{NIPS}",
    year =         "2016"
}

@conference{batchNorm2014,
    author =       "S. Ioffe and C. Szegedy",
   title =		"ICML",
    booktitle =        "{Batch normalization: Accelerating deep network training by reducing internal covariate shift}",
    year =         "2015"
}

@conference{rectifier2013,
    author =       "A. L. Maas and A. Y. Hannun and A. Y. Ng",
   title =		"ICML",
    booktitle =        "{Rectifier nonlinearities improve neural network acoustic models}",
    year =         "2013"
}

@conference{rectifierConv2015,
    author =       "B. Xu and N. Wang and T. Chen and M. Li",
   title =		"ICML Workshop",
    booktitle =        "{Empirical evaluation of rectified activations in convolutional network}",
    year =         "2015"
}

@article{adaDelta2012,
    author =       "Matthew D Zeiler",
    title =		"Adadelta: an adaptive learning rate method",
    journal =    "{arXiv preprint arXiv:1212.5701}",
    year =         "2012"
}
